@article {ania,
	Title = {Free Radicals Induced Oxidative Stress at a Molecular Level: The Current Status, Challenges and Perspectives of Computational Chemistry Based Protocols},
	Author = {Annia Galano},
	Number = {4},
	Volume = {59},
	Year = {2015},
	Journal = {J. Mex. Chem. Soc},
	Pages = {231-262},
}

@article {vargas,
	Title = {Mecanismos Involucrados En La Actividad Antioxidante Y Antibacteriana Del Propóleos.},
	Author = {Vargas-Sánchez, Torrescano-Urrutia, Mendoza-Wilson, Vallejo-Galland, Acedo-Félix, SánchezEscalante, Peñalba-Garmendia y Sánchez-Escalante},
	Number = {1},
	Volume = {16},
	Year = {2014},
	Journal = {Biotecnia},
	Pages = {32-37},
}


MECANISMOS INVOLUCRADOS EN LA ACTIVIDAD ANTIOXIDANTE Y
ANTIBACTERIANA DEL PROPÓLEOS

%% START OTHERS REFERENCES (WEB) %%

%%% intro

@misc{web:marcus,
    HOWPUBLISHED = "\url{http://www.public.asu.edu/~laserweb/woodbury/classes/chm341/lecture_set8/The%20Marcus%20Theory%20of%20Electron%20Transfer.pdf}",
    author    = "Arizona State University",
    title     = "The Marcus Theory of Electron Transfer",
}


@misc{web:frac,
    HOWPUBLISHED = "\url{http://depa.fquim.unam.mx/amyd/archivero/14.Funcionesdedistribucionacido-base_9196.pdf}",
    author    = "Departamneto de fisicoquímica de la UNAM.",
    title     = "Funciones de distribucion en equilibrios acido-base",
}




