@article{art:reaction,
title = "Elementary reactions in the oxidation of ethylene: The reaction of OH radicals with ethylene and the reaction of C2H4OH radicals with H atoms",
journal = "Symposium (International) on Combustion",
volume = "19",
number = "1",
pages = "61 - 72",
year = "1982",
url = "http://www.sciencedirect.com/science/article/pii/S0082078482801781",
author = "M. Bartels and K. Hoyermann and R. Sievert",
}


%% START OTHERS REFERENCES (WEB) %%

@misc{web:thermo,
    HOWPUBLISHED = "\url{https://gaussian.com/thermo/}",
    author    = "Joseph W. Ochterski, Ph.D.",
    title     = "Thermochemistry in Gaussian",
}


@misc{web:rate,
    HOWPUBLISHED = "\url{https://kinetics.nist.gov/kinetics/Detail?id=1989LIU/JON687-691:1}",
    author    = "Liu, A.; Jonah, C.D.; Mulac, W.A.",
    title     = "The gas-phase reactions of hydroxyl radicals with several unsaturated hydrocarbons at atmosphere pressure (NIST)",
}

@misc{web:rate,
    HOWPUBLISHED = "\url{https://kinetics.nist.gov/kinetics/Detail?id=1989LIU/JON687-691:1}",
    author    = "Liu, A.; Jonah, C.D.; Mulac, W.A.",
    title     = "The gas-phase reactions of hydroxyl radicals with several unsaturated hydrocarbons at atmosphere pressure (NIST)",
}

@misc{web:Eyring_equation,
    HOWPUBLISHED = "\url{https://batch.libretexts.org/print/url=https://chem.libretexts.org/Bookshelves/Physical_and_Theoretical_Chemistry_Textbook_Maps/Supplemental_Modules_(Physical_and_Theoretical_Chemistry)/Kinetics/06%3A_Modeling_Reaction_Kinetics/6.04%3A_Transition_State_Theory/6.4.01%3A_Eyring_equation.pdf}",
    author    = "https://chem.libretexts.org/",
    title     = "Eyring equation",
}


