@article{art:descomposition,
author = {Giguère, Paul A. and Liu, I. D.},
title = {KINETICS OF THE THERMAL DECOMPOSITION OF HYDROGEN PEROXIDE VAPOR},
journal = {Canadian Journal of Chemistry},
volume = {35},
number = {4},
pages = {283-293},
year = {1957},
doi = {10.1139/v57-042},
}



%% START OTHERS REFERENCES (WEB) %%

%%% intro

@misc{web:rad,
    HOWPUBLISHED = "\url{http://depa.fquim.unam.mx/amyd/archivero/apuntesCQ3_34322.pdf}",
    author    = "Departamento de Fisicoquímica de la UNAM",
    title     = "Reacciones en Cadena",
}

@misc{web:step1,
    HOWPUBLISHED = "\url{https://kinetics.nist.gov/kinetics/Detail?id=1986PIT/WES113-133:3}",
    author    = "Pitz, W.J.; Westbrook, C.K. (NIST)",
    title     = "Chemical kinetics of the high pressure oxidation of n-butane and its relation to engine knock",
}

@misc{web:step2,
    HOWPUBLISHED = "\url{https://kinetics.nist.gov/kinetics/Detail?id=2004JIM/GIE1139-1149:4}",
    author    = "Jimenez, E.; Gierczak (NIST)",
    title     = "Reaction of OH with HO2NO2 (peroxynitric acid): Rate coefficients between 218 and 335 K and product yields at 298 K",
}

@misc{web:step3,
    HOWPUBLISHED = "\url{https://kinetics.nist.gov/kinetics/Detail?id=2006KAN/TON20312:1}",
    author    = "Kanno, N.;Tonokura, K.;Koshi, M. (NIST)",
    title     = "Equilibrium constant of the HO2-H2O complex formation and kinetics of HO2 + HO2-H2O: Implications for tropospheric chemistry",
}

@misc{web:step4,
    HOWPUBLISHED = "\url{https://kinetics.nist.gov/kinetics/Detail?id=1992GON/THE1767-1774:1}",
    author    = "Gonzalez, C.; Theisen, J.; Schlegel, H.B.; Hase, W.L.; Kaiser, E.W.(NIST)",
    title     = "Kinetics of the reaction between OH and HO2 on the triplet potential energy surface",
}



