@article {Idaboy,
	Title = {Empirically Fitted Parameters for Calculating pKa Values with Small Deviations from Experiments Using a Simple Computational Strategy},
	Author = {Galano, Annia and Pérez-González, Adriana and Castañeda-Arriaga, Romina and Muñoz-Rugeles, Leonardo and Mendoza-Sarmiento, Gabriela and Romero-Silva, Antonio and Ibarra-Escutia, Agustin and Rebollar-Zepeda, Aida Mariana and León-Carmona, Jorge Rafael and Hernández-Olivares, Manuel Alejandro and Alvarez-Idaboy, Juan Raúl},
	DOI = {10.1021/acs.jcim.6b00310},
	Number = {9},
	Volume = {56},
	Month = {September},
	Year = {2016},
	Journal = {Journal of chemical information and modeling},
	Pages = {1714—1724},
}


@article{art:smd,
author = {Marenich, Aleksandr V. and Cramer, Christopher J. and Truhlar, Donald G.},
title = {Universal Solvation Model Based on Solute Electron Density and on a Continuum Model of the Solvent Defined by the Bulk Dielectric Constant and Atomic Surface Tensions},
journal = {The Journal of Physical Chemistry B},
volume = {113},
number = {18},
pages = {6378-6396},
year = {2009},
}



%% START OTHERS REFERENCES (WEB) %%

%%% intro

@misc{web:scrf,
    HOWPUBLISHED = "\url{https://gaussian.com/scrf/}",
    author    = "G16 Rev. C.01",
    title     = "SCRF",
}

@misc{web:smd2,
    HOWPUBLISHED = "\url{https://nwchemgit.github.io/SMD-Model.html#:~:text=The%20SMD%20model%20is%20a,few%20key%20descriptors%20are%20known.}",
    author    = "NWChem",
    title     = "SMD (Solvation Model Based on Density) Model",
}

@misc{web:models,
    HOWPUBLISHED = "\url{https://en.wikipedia.org/wiki/Polarizable_continuum_model}",
    author    = "Wikipedia",
    title     = "Polarizable continuum model
",
}




