

%% START ARTICLES REFERENCES %%
@article{article:article,
  author =       "Judith Herzfeld Donald J Olbris",
  title =        "Hydrophobic Effect",
  volume =       "",
  journal =      "ENCYCLOPEDIA OF LIFE SCIENCES",
  pages =        "",
  year =         "2002",
  doi =          "https://doi.org/10.1038/npg.els.0002974"
}

%% END ARTICLES REFERENCES %%

%% START OTHERS REFERENCES (WEB) %%

@misc{web:Elsevier,
    HOWPUBLISHED = "\url{https://www.elsevier.com/es-es/connect/educacion-medica/guia-practica-como-hacer-un-ensayo-cientifico.#:~:text=Un%20ensayo%20cient%C3%ADfico%2C%20es%20un,objetiva%20recogida%20y%20presentada%20previamente.}",
    author    = "Elsevier",
    title     = "Guía práctica: cómo hacer un ensayo científico",
}


%% END OTHERS REFERENCES (WEB) %%