
%% START ARTICLES REFERENCES %%

@article{article:vertebrados,
    author = {Pérez Torres Armando, Aquino Carreño Abraham},
    year = {2004},
    pages = {125-129},
    title = {Las células de Langerhans en vertebrados no mamíferos},
    volume = {16},
    journal = {Laborat acta}
}

@article{article:CL,
    author = {Romero-Palomo},
    year = {2011},
    month = {01},
    pages = {167-192},
    title = {Funciones y clasificación de las células dendríticas},
    volume = {24},
    journal = {Anales de la Real Academia de Ciencias Veterinarias de Andalucía Oriental. ISSN: 1130-2534}
}

@article{article:ATPasaReaction,
    author = {Tice LW.},
    title ={Lead-adenosine triphosphate complexes in adenosine triphosphatase histochemistry},
    journal = {Journal of Histochemistry \& Cytochemistry},
    volume = {17},
    number = {2},
    pages = {85-94},
    year = {1969},
    doi = {10.1177/17.2.85},
    URL = {https://doi.org/10.1177/17.2.85}
}

@article{article:ClAu,
    author = {Langerhans, P},
    year = {1868},
    pages = {325–337},
    title = {Ueber die Nerven der menschlichen Haut},
    volume = {44},
    journal = {Archiv f. pathol. Anat}
}

@article{article:ZIO,
    title={Osmium zinc iodide reactive sites in the epidermal Langerhans cell},
    author={G. Niebauer and W. Krawczyk and R. L. Kidd and G. Wilgram},
    journal={The Journal of Cell Biology},
    year={1969},
    volume={43},
    pages={80 - 89}
}

@article{article:productoZIO,
  title={The zinc iodide-osmium tetroxide staining-fixative of Maillet. Nature of the precipitate studied by X-ray microanalysis and detection of Ca2+-affinity subcellular sites in a tonic smooth muscle},
  author={J. Gilloteaux and J. Naud},
  journal={Histochemistry},
  year={2004},
  volume={63},
  pages={227-243}
}

@article{article:ATPasa,
    title = "EDTA Separation and ATPase Langerhans Cell Staining in the Mouse Epidermis",
    journal = "Journal of Investigative Dermatology",
    volume = "80",
    number = "2",
    pages = "104 - 107",
    year = "1983",
    issn = "0022-202X",
    doi = "https://doi.org/10.1111/1523-1747.ep12531712",
    author = "Kenneth W. Baker and Joseph E.J. Habowsky",
    abstract = "Sheets of ethylenediaminetetraacetic acid (EDTA)- separated epidermis were examined using scanning electron, transmission electron, and light microscopy; sheets were also examined after staining for adenosine triphosphatase (ATPase) activity. Staining was improved by longer incubation with EDTA and by elimination of Trismal buffer as a tissue rinse. EDTA-separated epidermis showed better retention of ultrastructural integrity when washed with phosphate-buffered saline. The ATPase staining procedures described in this present study are ultrastructurally specific for the Langerhans cell."
}


@article{article:epidermis,
    title = "Separation of Epidermis for the Study of Epidermal Sulfhydryl",
    journal = "Journal of Investigative Dermatology",
    volume = "35",
    number = "4",
    pages = "239 - 243",
    year = "1960",
    doi = "https://doi.org/10.1038/jid.1960.112",
    author = "Ryohei Ogura and John M. Knox and A. Clark Griffin"
}

@article{article:reduccionOro,
    title = "Kinetics and mechanism of the reaction of gold(III) chloride complexes with formic acid.",
    journal = "Journal of Mining and Metallurgy",
    volume = "51",
    number = "2",
    pages = "133-142",
    year = "2015",
    doi = "https://doi.org/10.2298/JMMB141024017P",
    author = "Pacławski K., Sak T."
}

%% END ARTICLES REFERENCES %%

%% START BOOK REFERENCES %%

@book{book:michal,
    author    = "Michel Goossens and Frank Mittelbach and Alexander Samarin",
    title     = "The \LaTeX\ Companion",
    year      = "1993",
    publisher = "Addison-Wesley",
    address   = "Reading, Massachusetts"
}

%% END BOOK REFERENCES %%

%% START PAGS OR CHAPTER OF BOOK REFERENCES %%

@inbook{inbook:ideasQC,
    AUTHOR="Lucjan Piela",
    TITLE="Ideas of Quantum Chemistry",
    PUBLISHER="Elsevier",
    YEAR="2007",
    PAGES="499",
}


%% END PAGS OR CHAPTER OF BOOK REFERENCES %%

%% START OTHERS REFERENCES (WEB) %%

@misc{web:NOM,
    HOWPUBLISHED = "\url{http://www.dof.gob.mx/nota_detalle.php?%20codigo=5405210&fecha=26/08/2015}",
    author       = "Secretaría de Agricultura, Ganadería, Desarrollo Rural, Pesca y Alimentación",
    title        = "NOM-033-SAG/ZOO-2014"
}



%% END OTHERS REFERENCES (WEB) %%