

%% START ARTICLES REFERENCES %%
@article{article:article,
  author =       "Jean-Marie Lehn",
  title =        "Supramolecular Chemistry",
  volume =       "260",
  journal =      "Science",
  pages =        "1762-1763",
  year =         "1993",
}

%% END ARTICLES REFERENCES %%

%% START BOOK REFERENCES %%

@book{book:michal,
    author    = "Michel Goossens and Frank Mittelbach and Alexander Samarin",
    title     = "The \LaTeX\ Companion",
    year      = "1993",
    publisher = "Addison-Wesley",
    address   = "Reading, Massachusetts"
}

%% END BOOK REFERENCES %%

%% START PAGS OR CHAPTER OF BOOK REFERENCES %%

@inbook{inbook:ideasQC,
    AUTHOR="Lucjan Piela",
    TITLE="Ideas of Quantum Chemistry",
    PUBLISHER="Elsevier",
    YEAR="2007",
    PAGES="499",
}


%% END PAGS OR CHAPTER OF BOOK REFERENCES %%

%% START OTHERS REFERENCES (WEB) %%

@misc{web:Elsevier,
    HOWPUBLISHED = "\url{https://www.elsevier.com/es-es/connect/educacion-medica/guia-practica-como-hacer-un-ensayo-cientifico.#:~:text=Un%20ensayo%20cient%C3%ADfico%2C%20es%20un,objetiva%20recogida%20y%20presentada%20previamente.}",
    author    = "Elsevier",
    title     = "Guía práctica: cómo hacer un ensayo científico",
}


%% END OTHERS REFERENCES (WEB) %%