

%% START ARTICLES REFERENCES %%
@article{article:michal,
  author =       "Albert Einstein",
  title =        "{Zur Elektrodynamik bewegter K{\"o}rper}. ({German})
                 [{On} the electrodynamics of moving bodies]",
  journal =      "Annalen der Physik",
  volume =       "322",
  number =       "10",
  pages =        "891--921",
  year =         "1905",
  DOI =          "http://dx.doi.org/10.1002/andp.19053221004"
}

%% END ARTICLES REFERENCES %%

%% START BOOK REFERENCES %%

@book{book:michal,
    author    = "Michel Goossens and Frank Mittelbach and Alexander Samarin",
    title     = "The \LaTeX\ Companion",
    year      = "1993",
    publisher = "Addison-Wesley",
    address   = "Reading, Massachusetts"
}

%% END BOOK REFERENCES %%

%% START PAGS OR CHAPTER OF BOOK REFERENCES %%

@inbook{inbook:ideasQC,
    AUTHOR="Lucjan Piela",
    TITLE="Ideas of Quantum Chemistry",
    PUBLISHER="Elsevier",
    YEAR="2007",
    PAGES="499",
}

%% END PAGS OR CHAPTER OF BOOK REFERENCES %%

%% START OTHERS REFERENCES (WEB) %%

@misc{web:bristol,
    HOWPUBLISHED = "\url{http://www.chm.bris.ac.uk/pt/ajm/mmhtm/MM_L1p5.htm}",
    author    = "University of BRISTOL",
    title     = "Correlation energy",
}



%% END OTHERS REFERENCES (WEB) %%