

%% START ARTICLES REFERENCES %%

% Methods%
@article{art:arabian,
title = "The methods of determination of critical micellar concentrations of the amphiphilic systems in aqueous medium",
journal = "Arabian Journal of Chemistry",
volume = "4",
number = "3",
pages = "265 - 270",
year = "2011",
url = "http://www.sciencedirect.com/science/article/pii/S1878535210000973",
author = "Tanushree Chakraborty and Indranil Chakraborty and Soumen Ghosh",
}


% drop volume tensiometer %
@article{art:log1,
title = "Dynamic surface tension, critical micelle concentration, and activity coefficients of aqueous solutions of nonyl phenol ethoxylates",
journal = "Fluid Phase Equilibria",
volume = "282",
number = "1",
pages = "14 - 19",
year = "2009",
url = "http://www.sciencedirect.com/science/article/pii/S0378381209001526",
author = "Encina Calvo and Ramón Bravo and Alfredo Amigo and Jesús Gracia-Fadrique",
}

% whilhen method and lagmiiur%

@article{PARK20151239,
title = "Adsorption behaviors of surfactants for chemical flooding in enhanced oil recovery",
journal = "Journal of Industrial and Engineering Chemistry",
volume = "21",
pages = "1239 - 1245",
year = "2015",
url = "http://www.sciencedirect.com/science/article/pii/S1226086X14002895",
author = "Sangkwon Park and Euy Soo Lee and Wan Rosli Wan Sulaiman",
}

% nu ring %

@article{BERA201387,
title = "Adsorption of surfactants on sand surface in enhanced oil recovery: Isotherms, kinetics and thermodynamic studies",
journal = "Applied Surface Science",
volume = "284",
pages = "87 - 99",
year = "2013",
url = "http://www.sciencedirect.com/science/article/pii/S0169433213013378",
author = "Achinta Bera and T. Kumar and Keka Ojha and Ajay Mandal",
}

% drop tension vs C%

@article{LI2014224,
title = "Micellization of glucose-based surfactants with different counter ions and their interaction with DNA",
journal = "Colloids and Surfaces A: Physicochemical and Engineering Aspects",
volume = "443",
pages = "224 - 232",
year = "2014",
url = "http://www.sciencedirect.com/science/article/pii/S0927775713008790",
author = "Yimin Li and Xiaohong Zhang and Yang Li and Chunjiang Li and Xia Guo",
}

% whilhemi plate c vs tensio% 

@article{WU2019593,
title = "Comparative studies on the surface/interface properties and aggregation behavior of mono-rhamnolipid and di-rhamnolipid",
journal = "Colloids and Surfaces B: Biointerfaces",
volume = "181",
pages = "593 - 601",
year = "2019",
url = "http://www.sciencedirect.com/science/article/pii/S0927776519304102",
author = "Li-mei Wu and Lu Lai and Qingye Lu and Ping Mei and Yan-qun Wang and Li Cheng and Yi Liu",
}


% nu ring log c vs y%
@article{art:log2,
title = "Surface active properties of gelatin and their effect on the electropolishing and corrosion behavior of steel in orthophosphoric acid",
journal = "Egyptian Journal of Petroleum",
volume = "25",
number = "2",
pages = "229 - 237",
year = "2016",
url = "http://www.sciencedirect.com/science/article/pii/S111006211520089X",
author = "Fatma M. Abouzeid",
}


% example of pi vs ln x%
@article{https://doi.org/10.1007/s11743-012-1346-z,
author = {Viades-Trejo, Josefina and Abascal-González, Dulce María and Gracia-Fadrique, Jesús},
title = {Critical Micelle Concentration of Poly(Oxy-1,2-Ethanediyl), α-Nonyl Phenol-ω-Hydroxy Ethers (C9H19C6H4Ei=6,10.5,12,17.5) by Surface Equations of State},
journal = {Journal of Surfactants and Detergents},
volume = {15},
number = {5},
pages = {637-645},
url = {https://aocs.onlinelibrary.wiley.com/doi/abs/10.1007/s11743-012-1346-z},
year = {2012}
}



% eduacion metodoso%
@article{art:iso1,
title = {Ecuación de Langmuir en líquidos simples y tensoactivos},
author = {Federico D. Sandoval-Ibarra, José L. López-Cervantes, Jesús Gracia-Fadrique},
journal = {Educación Química},
volume = {26},
pages = {307-313},
url = {http://dx.doi.org/10.1016/j.eq.2015.03.002},
year = {2015}
}

% eduacion volmer-lagmiru%
@article{art:iso2,
title = {Ecuación de estado superficial de Volmer: líquidos simples y tensoactivos},
author = {Mario A. Alanis-García y Jesús Gracia-Fadrique},
journal = {Educación Química},
volume = {29},
pages = {36-50},
url = {http://dx.doi.org/10.22201/fq.18708404e.2018.1.63704},
year = {2018}
}











@article{LOPEZCERVANTES2021112844,
title = "Equilibrium model for estimating micellar aggregation number from surface equation",
journal = "Fluid Phase Equilibria",
volume = "528",
pages = "112844",
year = "2021",
url = "http://www.sciencedirect.com/science/article/pii/S0378381220303927",
author = "José L. López-Cervantes and Federico D. Sandoval-Ibarra and Jesús Gracia-Fadrique",
}

%ispterma de gibbs y lagmiur 

@article{isotermaGibbs,
   title = {Physical adsorption on solids: thermodynamic aspects},
   journal = {Química Nova},
   author={Arias, Juan Miguel AND Paternina, Elihu AND Barragán, Daniel},
   volume = {32},
   year = {2009},
   pages = {1350 - 1355},
}




%% END ARTICLES REFERENCES %%







%% START OTHERS REFERENCES (WEB) %%

@misc{web:trabajo,
    HOWPUBLISHED = "\url{http://www.sc.ehu.es/sbweb/fisica/dinamica/trabajo/energia/energia.htm}",
    author    = "Universidad del país vasco",
    title     = "Trabajo y energía",
}

@misc{web:tension,
    HOWPUBLISHED = "\url{http://www.sc.ehu.es/sbweb/fisica/fluidos/tension/introduccion/introduccion.htm}",
    author    = "Universidad del país vasco",
    title     = "Tensión superficial en líquidos",
}

@misc{web:tensionValencia,
    HOWPUBLISHED = "\url{http://ocw.uv.es/ciencias/3-2/tema_6_tens_sup.pdf}",
    author    = "Universidad valencia",
    title     = "Estudio termodinámico de las interfases",
}

@misc{web:tensionFQ,
    HOWPUBLISHED = "\url{http://depa.fquim.unam.mx/amyd/archivero/Unidad2.Fenomenossuperficialesensistemasfarmaceuticos_21364.pdf}",
    author    = "Departamento de fisicoquímica de la UNAM",
    title     = "TENSIÓN SUPERFICIAL Y TENSIÓN INTERFACIAL",
}









%metodos %
@misc{web:metodos12,
    HOWPUBLISHED = "\url{http://zzm.umcs.lublin.pl/Wyklad/FGF-Ang/2A.F.G.F.%20Surface%20tension.pdf}",
    author    = "Maria Curie-Skłodowska University",
    title     = "Methods of surface tension measurements",
}

@misc{web:Termo,
    HOWPUBLISHED = "\url{http://www.zzm.umcs.lublin.pl/Wyklad/FGF-Ang/3A.F.G.F.%20Adsorp.L-G.%20Interface.pdf}",
    author    = "Maria Curie-Skłodowska University",
    title     = "Adsorption at the liquid/gas interface",
}


@misc{web:metodosandes,
    HOWPUBLISHED = "\url{http://www.firp.ula.ve/archivos/cuadernos/S205_MedicionTension.pdf}",
    author    = "Universidad de Los Andes",
    title     = "Métodos de medición de la tensión superficial o interfacial",
}

@misc{web:metodosMadridi,
    HOWPUBLISHED = "\url{https://e-archivo.uc3m.es/bitstream/handle/10016/15895/pfc_estela_jimenez_de-pablo_2012.pdf;jsessionid=6B27D1DA71C45B1EDBB8557804B87351?sequence=2}",
    author    = "Universidad Carlos III de Madrid",
    title     = "Determinación Experimental de Tensión Superficial del agua",
}


@misc{web:metodosInge,
    HOWPUBLISHED = "\url{http://www.aaiq.org.ar/SCongresos/docs/04_025/papers/08a/08a_1469_611.pdf}",
    author    = "Asociación Argentina de Ingenieros Químicos ",
    title     = "OBTENCIÓN DE LA TENSIÓN SUPERFICIAL MEDIANTE EL MÉTODO DE DU NOUY Y EL MÉTODO DE LA GOTA PENDIENTE",
}




%% END OTHERS REFERENCES (WEB) %%