
@article{art:simetria,
author = {Schlag,E. W. },
title = {Symmetry Numbers and Reaction Rates},
journal = {The Journal of Chemical Physics},
volume = {38},
number = {10},
pages = {2480-2482},
year = {1963},
doi = {10.1063/1.1733529},
}


%% START OTHERS REFERENCES (WEB) %%

@misc{web:ts1,
    HOWPUBLISHED = "\url{https://chem.libretexts.org/Bookshelves/Physical_and_Theoretical_Chemistry_Textbook_Maps/Supplemental_Modules_(Physical_and_Theoretical_Chemistry)/Kinetics/06%3A_Modeling_Reaction_Kinetics/6.04%3A_Transition_State_Theory/6.4.01%3A_Eyring_equation}",
    author    = "Kelly Louie",
    title     = "Eyring equation",
}

@misc{web:ts2,
    HOWPUBLISHED = "\url{http://www1.chem.umn.edu/groups/taton/chem4011/Lecture%20Notes/10_23.pdf}",
    author    = "Department of Chemistry, university of Minnesota",
    title     = "Transition State Theory",
}

@misc{web:ts3,
    HOWPUBLISHED = "\url{http://depa.fquim.unam.mx/amyd/archivero/Teoria2_354.pdf}",
    author    = "Departamento de Fisicoquímica, UNAM",
    title     = "Teoría del estado de transición",
}

@misc{web:cinetic,
    HOWPUBLISHED = "\url{https://www.ur.de/events/feur/medien/norrby-modellingkinetics.pdf}",
    author    = "University of Gothenburg",
    title     = "Energy Profiles and Chemical Reactions",
}


@misc{web:endergonic,
    HOWPUBLISHED = "\url{https://www.thoughtco.com/endergonic-vs-exergonic-609258}",
    author    = "Anne Marie Helmenstine, Ph.D.",
    title     = "Endergonic vs Exergonic Reactions and Processes",
}

@misc{web:metano,
    HOWPUBLISHED = "\url{https://es.wikipedia.org/wiki/Metano#Metano_en_la_atm%C3%B3sfera_de_la_Tierra}",
    author    = "Wikipedia",
    title     = "Metano",
}


@misc{web:nisg,
    HOWPUBLISHED = "\url{https://kinetics.nist.gov/kinetics/Detail?id=2005SRI/SU1857-1863:2}",
    author    = "Srinivasan, N.K.; Su, M.C.; Sutherland, J.W.; Michael, J.V.",
    title     = "Reflected shock tube studies of high-temperature rate constants for OH+CH4 -> CH3+H2O and CH3+NO2 -> CH3O+NO (NIST)",
}
